<?xml version="1.0" encoding="UTF-8"?>
<OAI-PMH xmlns="http://www.openarchives.org/OAI/2.0/" xmlns:xsi="http://www.w3.org/2001/XMLSchema-instance" xsi:schemaLocation="http://www.openarchives.org/OAI/2.0/                                       http://www.openarchives.org/OAI/2.0/OAI-PMH.xsd                        http://www.extensiblecatalog.org/xsd/mst/1.0                                       http://www.extensiblecatalog.org/doc/MST/xsd/mst.xsd">
  <responseDate>2011-03-30T11:21:11Z</responseDate>
  <request verb="ListRecords" metadataPrefix="marc21">http://localhost:8080/MetadataServicesToolkit/st/marcnormalization/oaiRepository.action</request>
  <ListRecords>
    <record>
      <header>
        <identifier>oai:mst.rochester.edu:marcnormalization/080</identifier>
        <datestamp>2011-03-30T15:04:46Z</datestamp>
      </header>
      <metadata>
        <marc:record xmlns:marc="http://www.loc.gov/MARC21/slim" xmlns:xsi="http://www.w3.org/2001/XMLSchema-instance" xsi:schemaLocation="http://www.loc.gov/MARC21/slim http://128.151.244.137:8080/OAIToolkit/schema/MARC21slim_custom.xsd">
          <marc:leader>01301cam a2200337 a 4500</marc:leader>
          <marc:controlfield tag="001">1564330</marc:controlfield>
          <marc:controlfield tag="003">NRU</marc:controlfield>
          <marc:controlfield tag="005">20010526155028.0</marc:controlfield>
          <marc:controlfield tag="008">960911s1996    nyua     b   i100 0 eng d</marc:controlfield>
          <marc:datafield ind1=" " ind2=" " tag="010">
            <marc:subfield code="a">   96192894 </marc:subfield>
          </marc:datafield>
          <marc:datafield ind1=" " ind2=" " tag="019">
            <marc:subfield code="a">35048580</marc:subfield>
          </marc:datafield>
          <marc:datafield ind1=" " ind2=" " tag="035">
            <marc:subfield code="a">(OCoLC)35028055</marc:subfield>
          </marc:datafield>
          <marc:datafield ind1=" " ind2=" " tag="035">
            <marc:subfield code="a">1564330</marc:subfield>
          </marc:datafield>
          <marc:datafield ind1=" " ind2=" " tag="040">
            <marc:subfield code="a">DJBF</marc:subfield>
            <marc:subfield code="c">DLC</marc:subfield>
            <marc:subfield code="d">DJB</marc:subfield>
            <marc:subfield code="d">HLS</marc:subfield>
            <marc:subfield code="d">UIU</marc:subfield>
            <marc:subfield code="d">FCI</marc:subfield>
          </marc:datafield>
          <marc:datafield ind1=" " ind2=" " tag="042">
            <marc:subfield code="a">lccopycat</marc:subfield>
          </marc:datafield>
          <marc:datafield ind1=" " ind2=" " tag="049">
            <marc:subfield code="a">RRRR</marc:subfield>
          </marc:datafield>
          <marc:datafield ind1="0" ind2="0" tag="050">
            <marc:subfield code="a">HQ1106</marc:subfield>
            <marc:subfield code="b">.B45 1996</marc:subfield>
          </marc:datafield>
          <marc:datafield ind1="0" ind2="0" tag="082">
            <marc:subfield code="a">305.42</marc:subfield>
            <marc:subfield code="2">21</marc:subfield>
          </marc:datafield>
          <marc:datafield ind1="0" ind2="4" tag="245">
            <marc:subfield code="a">The Beijing Declaration ;</marc:subfield>
            <marc:subfield code="b">and, The Platform for Action : Fourth World Conference on Women, Beijing, China, 4-15 September 1995.</marc:subfield>
          </marc:datafield>
          <marc:datafield ind1="1" ind2="8" tag="246">
            <marc:subfield code="a">Women :</marc:subfield>
            <marc:subfield code="b">Platform for Action and the Beijing Declaration</marc:subfield>
          </marc:datafield>
          <marc:datafield ind1=" " ind2=" " tag="260">
            <marc:subfield code="a">New York :</marc:subfield>
            <marc:subfield code="b">Dept. of Public Information, United Nations,</marc:subfield>
            <marc:subfield code="c">1996.</marc:subfield>
          </marc:datafield>
          <marc:datafield ind1=" " ind2=" " tag="300">
            <marc:subfield code="a">178 p. :</marc:subfield>
            <marc:subfield code="b">ill. ;</marc:subfield>
            <marc:subfield code="c">22 cm.</marc:subfield>
          </marc:datafield>
          <marc:datafield ind1=" " ind2=" " tag="500">
            <marc:subfield code="a">"February 1996"--T.p. verso.</marc:subfield>
          </marc:datafield>
          <marc:datafield ind1=" " ind2=" " tag="504">
            <marc:subfield code="a">Includes bibliographical references.</marc:subfield>
          </marc:datafield>
          <marc:datafield ind1="2" ind2="0" tag="611">
            <marc:subfield code="a">World Conference on Women</marc:subfield>
            <marc:subfield code="n">(4th :</marc:subfield>
            <marc:subfield code="d">1995 :</marc:subfield>
            <marc:subfield code="c">Beijing, China)</marc:subfield>
          </marc:datafield>
          <marc:datafield ind1=" " ind2="0" tag="650">
            <marc:subfield code="a">Women</marc:subfield>
            <marc:subfield code="x">Social conditions</marc:subfield>
            <marc:subfield code="v">Congresses.</marc:subfield>
          </marc:datafield>
          <marc:datafield ind1=" " ind2="0" tag="650">
            <marc:subfield code="a">Women's rights</marc:subfield>
            <marc:subfield code="x">International cooperation</marc:subfield>
            <marc:subfield code="v">Congresses.</marc:subfield>
          </marc:datafield>
          <marc:datafield ind1=" " ind2="0" tag="650">
            <marc:subfield code="a">Women in development</marc:subfield>
            <marc:subfield code="x">International cooperation</marc:subfield>
            <marc:subfield code="v">Congresses.</marc:subfield>
          </marc:datafield>
          <marc:datafield ind1="2" ind2=" " tag="710">
            <marc:subfield code="a">United Nations.</marc:subfield>
            <marc:subfield code="b">Dept. of Public Information.</marc:subfield>
          </marc:datafield>
          <marc:datafield ind1="2" ind2=" " tag="711">
            <marc:subfield code="a">World Conference on Women</marc:subfield>
            <marc:subfield code="n">(4th :</marc:subfield>
            <marc:subfield code="d">1995 :</marc:subfield>
            <marc:subfield code="c">Beijing, China)</marc:subfield>
          </marc:datafield>
          <marc:datafield ind1="0" ind2=" " tag="740">
            <marc:subfield code="a">Platform for Action.</marc:subfield>
          </marc:datafield>
          <marc:datafield ind1=" " ind2=" " tag="931">
            <marc:subfield code="a">Text</marc:subfield>
            <marc:subfield code="5">NRU</marc:subfield>
          </marc:datafield>
          <marc:datafield ind1=" " ind2=" " tag="932">
            <marc:subfield code="a">Language material</marc:subfield>
            <marc:subfield code="5">NRU</marc:subfield>
          </marc:datafield>
          <marc:datafield ind1=" " ind2=" " tag="933">
            <marc:subfield code="a">Text</marc:subfield>
            <marc:subfield code="5">NRU</marc:subfield>
          </marc:datafield>
          <marc:datafield ind1=" " ind2=" " tag="935">
            <marc:subfield code="a">Monograph/Item</marc:subfield>
            <marc:subfield code="5">NRU</marc:subfield>
          </marc:datafield>
          <marc:datafield ind1=" " ind2=" " tag="035">
            <marc:subfield code="a">(NRU)1564330</marc:subfield>
          </marc:datafield>
          <marc:datafield ind1=" " ind2=" " tag="937">
            <marc:subfield code="a">Non-Fiction</marc:subfield>
            <marc:subfield code="5">NRU</marc:subfield>
          </marc:datafield>
          <marc:datafield ind1=" " ind2=" " tag="941">
            <marc:subfield code="a">eng</marc:subfield>
            <marc:subfield code="5">NRU</marc:subfield>
          </marc:datafield>
          <marc:datafield ind1=" " ind2=" " tag="943">
            <marc:subfield code="a">English</marc:subfield>
            <marc:subfield code="5">NRU</marc:subfield>
          </marc:datafield>
          <marc:datafield ind1="0" ind2=" " tag="130">
            <marc:subfield code="a">Beijing Declaration ;</marc:subfield>
          </marc:datafield>
          <marc:datafield ind1=" " ind2="0" tag="965">
            <marc:subfield code="a">Women</marc:subfield>
            <marc:subfield code="5">NRU</marc:subfield>
          </marc:datafield>
          <marc:datafield ind1=" " ind2="0" tag="965">
            <marc:subfield code="a">Women's rights</marc:subfield>
            <marc:subfield code="5">NRU</marc:subfield>
          </marc:datafield>
          <marc:datafield ind1=" " ind2="0" tag="965">
            <marc:subfield code="a">Women in development</marc:subfield>
            <marc:subfield code="5">NRU</marc:subfield>
          </marc:datafield>
          <marc:datafield ind1=" " ind2="0" tag="965">
            <marc:subfield code="x">Social conditions</marc:subfield>
            <marc:subfield code="5">NRU</marc:subfield>
          </marc:datafield>
          <marc:datafield ind1=" " ind2="0" tag="965">
            <marc:subfield code="x">International cooperation</marc:subfield>
            <marc:subfield code="5">NRU</marc:subfield>
          </marc:datafield>
          <marc:datafield ind1=" " ind2="0" tag="969">
            <marc:subfield code="v">Congresses.</marc:subfield>
            <marc:subfield code="5">NRU</marc:subfield>
          </marc:datafield>
        </marc:record>
      </metadata>
    </record>
  </ListRecords>
</OAI-PMH>
